<?xml version="1.0" encoding="UTF-8"?><collection xmlns="http://www.loc.gov/MARC21/slim"><record><leader>00737nam--2200193-i-4500</leader><controlfield tag="001">000040075</controlfield><controlfield tag="002">20161230</controlfield><controlfield tag="005">20161230201042</controlfield><controlfield tag="008">060222s1000------------r-----000-0-rum-d</controlfield><datafield ind1=" " ind2=" " tag="040"><subfield code="a">IFIN-HH</subfield></datafield><datafield ind1=" " ind2=" " tag="041"><subfield code="a">rum</subfield></datafield><datafield ind1=" " ind2=" " tag="080"><subfield code="a">539.163:621.083:621.039.85(043)</subfield></datafield><datafield ind1="1" ind2=" " tag="100"><subfield code="a">Sahagia, Maria</subfield></datafield><datafield ind1="1" ind2="0" tag="245"><subfield code="a">Etalonarea radionuclizilor emitatori beta de energie joasa si a unor radionuclizi emitatori beta-gma cu schema de dezintegrare complexa, folosind metoda trasoare si metoda extrapolarii eficitatii de detectie</subfield><subfield code="b">Teza</subfield><subfield code="c">Maria sahagia</subfield></datafield><datafield ind1=" " ind2=" " tag="260"><subfield code="a">Bucuresti</subfield><subfield code="b">Ifin</subfield><subfield code="c">1978</subfield></datafield><datafield ind1=" " ind2=" " tag="300"><subfield code="a">176 P. + 5 P.BIBL. + 25 P.DIF</subfield></datafield><datafield ind1=" " ind2=" " tag="502"><subfield code="a">Conducator Stiintific: Conf.Dr. Mircea Al. Oncescu</subfield></datafield><datafield ind1=" " ind2=" " tag="852"><subfield code="a">45902</subfield><subfield code="c">539.163</subfield></datafield><datafield ind1=" " ind2=" " tag="CAT"><subfield code="a">Sys</subfield><subfield code="c">20120517</subfield><subfield code="h">212105</subfield></datafield></record></collection>